<?xml version="1.0" encoding="utf-8"?>
<record xmlns="http://www.loc.gov/MARC21/slim" xmlns:xsi="http://www.w3.org/2001/XMLSchema-instance" xsi:schemaLocation="http://www.loc.gov/MARC21/slim http://www.loc.gov/standards/marcxml/schema/MARC21slim.xsd">
	<leader>     nam a22        4500</leader>
	<controlfield tag="001">460504</controlfield>
	<controlfield tag="003">NjP</controlfield>
	<controlfield tag="006">m        d        </controlfield>
	<controlfield tag="007">cr cn |||m|||a</controlfield>
	<controlfield tag="008">161118s1975    ir      o     000 0 perod</controlfield>
	<datafield ind1=" " ind2=" " tag="040">
		<subfield code="a">NNU</subfield>
		<subfield code="b">eng</subfield>
		<subfield code="e">rda</subfield>
		<subfield code="c">NNU</subfield>
	</datafield>
	<datafield ind1=" " ind2="4" tag="050">
		<subfield code="a">B753.F39</subfield>
		<subfield code="b">U89 1975</subfield>
	</datafield>
	<datafield ind1="1" ind2=" " tag="100">
		<subfield code="6">880-01</subfield>
		<subfield code="a">Fayḍ al-Kāshī, Muḥammad ibn Murtaḍá,</subfield>
		<subfield code="d">1598 or 1599-1680 or 1681.</subfield>
	</datafield>
	<datafield ind1="1" ind2="0" tag="245">
		<subfield code="6">880-02</subfield>
		<subfield code="a">Uṣūl al-maʻārif /</subfield>
		<subfield code="c">ta'līf Muḥaqqaq Mullā Muḥsin Fayz̤ ; bā taʻlīq va-taṣḥīḥ va-muqaddimah-'i Jalāl al-Dīn Āshtiyānī.</subfield>
	</datafield>
	<datafield ind1=" " ind2=" " tag="260">
		<subfield code="a">Mashhad :</subfield>
		<subfield code="b">Dānishkadah-'i Ilāhīyāt va-Maʻārif-i Islāmī,</subfield>
		<subfield code="c">1354 [1975]</subfield>
	</datafield>
	<datafield ind1=" " ind2=" " tag="300">
		<subfield code="a">online resource (203 pages)</subfield>
	</datafield>
	<datafield ind1=" " ind2=" " tag="336">
		<subfield code="a">text</subfield>
		<subfield code="2">rdacontent</subfield>
	</datafield>
	<datafield ind1=" " ind2=" " tag="337">
		<subfield code="a">computer</subfield>
		<subfield code="2">rdamedia</subfield>
	</datafield>
	<datafield ind1=" " ind2=" " tag="338">
		<subfield code="a">online resource</subfield>
		<subfield code="2">rdacarrier</subfield>
	</datafield>
	<datafield ind1="1" ind2=" " tag="490">
		<subfield code="6">880-03</subfield>
		<subfield code="a">Intishārāt-i Dānishkadah-'i Ilāhīyāt va-Maʻārif-i Islāmī-yi Mashhad ;</subfield>
		<subfield code="v">shumārah 6</subfield>
	</datafield>
	<datafield ind1=" " ind2=" " tag="500">
		<subfield code="a">Added t.p. and preface in English.</subfield>
	</datafield>
	<datafield ind1=" " ind2=" " tag="500">
		<subfield code="a">Part of the Arabic Collections Online (ACO) project, contributed by Princeton University Libraries.</subfield>
	</datafield>
	<datafield ind1=" " ind2=" " tag="533">
		<subfield code="a">Electronic reproduction.</subfield>
		<subfield code="b">New York, N.Y. :</subfield>
		<subfield code="c">New York University,</subfield>
		<subfield code="d">2016.</subfield>
		<subfield code="5">NNU</subfield>
	</datafield>
	<datafield ind1=" " ind2="0" tag="650">
		<subfield code="a">Islamic philosophy</subfield>
		<subfield code="v">Early works to 1800.</subfield>
	</datafield>
	<datafield ind1=" " ind2="7" tag="650">
		<subfield code="a">Islamic philosophy.</subfield>
		<subfield code="2">fast</subfield>
		<subfield code="0">(OCoLC)fst01730358</subfield>
	</datafield>
	<datafield ind1=" " ind2="7" tag="655">
		<subfield code="a">Early works.</subfield>
		<subfield code="2">fast</subfield>
		<subfield code="0">(OCoLC)fst01411636</subfield>
	</datafield>
	<datafield ind1="1" ind2=" " tag="700">
		<subfield code="6">880-04</subfield>
		<subfield code="a">Āshtiyānī, Jalāl al-Dīn.</subfield>
	</datafield>
	<datafield ind1="2" ind2=" " tag="710">
		<subfield code="a">Princeton University.</subfield>
		<subfield code="b">Library.</subfield>
	</datafield>
	<datafield ind1="0" ind2=" " tag="730">
		<subfield code="a">Arabic Collections Online.</subfield>
	</datafield>
	<datafield ind1="0" ind2="8" tag="776">
		<subfield code="i">Online version:</subfield>
		<subfield code="a">Fayḍ al-Kāshī, Muḥammad ibn Murtaḍá, 1598 or 9-1680 or 81.</subfield>
		<subfield code="t">Uṣūl al-maʻārif.</subfield>
		<subfield code="d">Mashhad : Dānishkadah-'i Ilāhīyāt va-Maʻārif-i Islāmī, 1354 [1975]</subfield>
		<subfield code="w">(OCoLC)609916336</subfield>
	</datafield>
	<datafield ind1="0" ind2="8" tag="776">
		<subfield code="i">Print version:</subfield>
		<subfield code="a">Fayḍ al-Kāshī, Muḥammad ibn Murtaḍá, 1598 or 1599-1680 or 1681.</subfield>
		<subfield code="t">Uṣūl al-maʻārif</subfield>
		<subfield code="w">(NjP)460504</subfield>
		<subfield code="w">(OCoLC)6779148</subfield>
	</datafield>
	<datafield ind1="1" ind2=" " tag="810">
		<subfield code="6">880-05</subfield>
		<subfield code="a">Mashhad (Iran).</subfield>
		<subfield code="b">Dānishgāh.</subfield>
		<subfield code="b">Dānishkadah-'i Ilāhīyāt va Maʻārif-i Islāmī.</subfield>
		<subfield code="t">Intishārāt-i Dānishkadah-'i Ilāhīyāt va Maʻārif-i Islāmī ;</subfield>
		<subfield code="v">no. 6.</subfield>
	</datafield>
	<datafield ind1="4" ind2="0" tag="856">
		<subfield code="u">http://hdl.handle.net/2333.1/4j0zphh8</subfield>
	</datafield>
	<datafield ind1="1" ind2=" " tag="880">
		<subfield code="6">100-01/r</subfield>
		<subfield code="a">فيض الكاشى، محمد ابن مرتضى،,</subfield>
		<subfield code="d">1598 or 1599-1680 or 1688.</subfield>
	</datafield>
	<datafield ind1="1" ind2="0" tag="880">
		<subfield code="6">245-02/r</subfield>
		<subfield code="a">اصول المعارف /</subfield>
		<subfield code="c">تأليف محسن فيض؛ با تعليق و تصحيح و مقدمه جلال الدين اشتيانى.</subfield>
	</datafield>
	<datafield ind1=" " ind2=" " tag="880">
		<subfield code="6">260-00/r</subfield>
		<subfield code="a">[مشهد] :</subfield>
		<subfield code="b">دانشگاه فردوسى،</subfield>
		<subfield code="c">١٣٥٤.</subfield>
	</datafield>
	<datafield ind1="1" ind2=" " tag="880">
		<subfield code="6">490-03/r</subfield>
		<subfield code="a">انتشارات دانشكده الهيات و معرف اسلامى مشهد ؛</subfield>
		<subfield code="v">٦</subfield>
	</datafield>
	<datafield ind1="1" ind2=" " tag="880">
		<subfield code="6">700-04/r</subfield>
		<subfield code="a">اشتيانى، جلال الدين.</subfield>
	</datafield>
	<datafield ind1="1" ind2=" " tag="880">
		<subfield code="6">810-05/r</subfield>
		<subfield code="a">مشهد، ايران.</subfield>
		<subfield code="b">دانشگاه.</subfield>
		<subfield code="b">دانشكده الهيات و معرف اسلامى.</subfield>
		<subfield code="t">انتشارات ;</subfield>
		<subfield code="v">٦.</subfield>
	</datafield>
	<datafield ind1=" " ind2="0" tag="880">
		<subfield code="6">830-00/r</subfield>
		<subfield code="a">انتشارات دانشكده الهيات و معرف اسلامى مشهد ؛ ;</subfield>
		<subfield code="v">٦.</subfield>
	</datafield>
	<datafield ind1=" " ind2=" " tag="959">
		<subfield code="a">NNU</subfield>
		<subfield code="b">WEB</subfield>
		<subfield code="c">GENI</subfield>
		<subfield code="t">0</subfield>
		<subfield code="m">Electronic access</subfield>
		<subfield code="s">01</subfield>
	</datafield>
	<datafield ind1=" " ind2=" " tag="999">
		<subfield code="i">NjP_460504</subfield>
		<subfield code="o">(OCoLC)ocm06779148 </subfield>
		<subfield code="s">princeton_aco000616</subfield>
		<subfield code="e">(ERROR-880)</subfield>
	</datafield>
</record>
